<record><leader>00000cas a22000007a 4500</leader><controlfield tag="001">13223752</controlfield><controlfield tag="008">860303d19311950pauwr ne      0    0eng d</controlfield><datafield ind1=" " ind2=" " tag="010"><subfield code="a">sn 86081151 </subfield></datafield><datafield ind1=" " ind2=" " tag="040"><subfield code="a">NPH</subfield><subfield code="b">eng</subfield><subfield code="c">NPH</subfield><subfield code="d">NSD</subfield><subfield code="d">OCLCQ</subfield></datafield><datafield ind1=" " ind2=" " tag="042"><subfield code="a">msc</subfield></datafield><datafield ind1="0" ind2="4" tag="245"><subfield code="a">The Potter independent the Potter enterprise.</subfield></datafield><datafield ind1=" " ind2=" " tag="260"><subfield code="a">Coudersport, Pa. :</subfield><subfield code="b">W.D. Fish and G.W. Daniels,</subfield><subfield code="c">1931-1950.</subfield></datafield><datafield ind1=" " ind2=" " tag="300"><subfield code="a">19 v.</subfield></datafield><datafield ind1=" " ind2=" " tag="310"><subfield code="a">Weekly</subfield></datafield><datafield ind1="0" ind2=" " tag="362"><subfield code="a">58th yr., no. 11 (Aug. 6, 1931)-77th yr., no. 30 (Nov. 30, 1950).</subfield></datafield><datafield ind1=" " ind2=" " tag="500"><subfield code="a">Published every week on Thursday.</subfield></datafield><datafield ind1=" " ind2=" " tag="752"><subfield code="a">United States</subfield><subfield code="b">Pennsylvania</subfield><subfield code="c">Potter</subfield><subfield code="d">Coudersport.</subfield></datafield><datafield ind1="0" ind2="0" tag="780"><subfield code="t">Potter enterprise and the Potter independent</subfield><subfield code="w">(DLC)sn 86081152</subfield></datafield><datafield ind1="0" ind2="0" tag="785"><subfield code="t">Potter enterprise (Coudersport, Pa. : 1950)</subfield><subfield code="x">0888-6253</subfield><subfield code="w">(DLC)sn 86081073</subfield></datafield></record>